111111111111111111111111111111111111111111111111111111111111111111111111
222222222222222222222222222222222222222222222222222222222222222222222222
333333333333333333333333333333333333333333333333333333333333333333333333
444444444444444444444444444444444444444444444444444444444444444444444444
555555555555555555555555555555555555555555555555555555555555555555555555
666666666666666666666666666666666666666666666666666666666666666666666666
777777777777777777777777777777777777777777777777777777777777777777777777
%
On est la on est la poto. 8 morts, 6 blesse, je pete ma lubulule.
%
DAAAAAAAAAAAM.
%
Chuatams le BG